@article{1,
	doi = {10.1103/physreve.62.1805},
  
	url = {https://doi.org/10.1103%2Fphysreve.62.1805},
  
	year = 2000,
	month = {aug},
  
	publisher = {American Physical Society ({APS})},
  
	volume = {62},
  
	number = {2},
  
	pages = {1805--1824},
  
	author = {Martin Treiber and Ansgar Hennecke and Dirk Helbing},
  
	title = {Congested traffic states in empirical observations and microscopic simulations},
  
	journal = {Physical Review E}
}